@inproceedings{ALEXNET,
  title={Imagenet classification with deep convolutional neural networks},
  author={Krizhevsky, Alex and Sutskever, Ilya and Hinton, Geoffrey E},
  booktitle={Advances in neural information processing systems},
  pages={1097--1105},
  year={2012}
}


@article{VGG,
  title={Very deep convolutional networks for large-scale image recognition},
  author={Simonyan, Karen and Zisserman, Andrew},
  journal={arXiv preprint arXiv:1409.1556},
  year={2014}
}

@inproceedings{INCEPTION,
  title={Going deeper with convolutions},
  author={Szegedy, Christian and Liu, Wei and Jia, Yangqing and Sermanet, Pierre and Reed, Scott and Anguelov, Dragomir and Erhan, Dumitru and Vanhoucke, Vincent and Rabinovich, Andrew},
  booktitle={Proceedings of the IEEE conference on computer vision and pattern recognition},
  pages={1--9},
  year={2015}
}

@inproceedings{RESNET,
  title={Deep residual learning for image recognition},
  author={He, Kaiming and Zhang, Xiangyu and Ren, Shaoqing and Sun, Jian},
  booktitle={Proceedings of the IEEE conference on computer vision and pattern recognition},
  pages={770--778},
  year={2016}
}

@article{DENSENET,
  title={Densely connected convolutional networks},
  author={Huang, Gao and Liu, Zhuang and Weinberger, Kilian Q and van der Maaten, Laurens},
  journal={arXiv preprint arXiv:1608.06993},
  year={2016}
}

@inproceedings{LIFT,
  title={Lift: Learned invariant feature transform},
  author={Yi, Kwang Moo and Trulls, Eduard and Lepetit, Vincent and Fua, Pascal},
  booktitle={European Conference on Computer Vision},
  pages={467--483},
  year={2016},
  organization={Springer}
}

@inproceedings{FASTRCNN,
  title={Fast r-cnn},
  author={Girshick, Ross},
  booktitle={Proceedings of the IEEE international conference on computer vision},
  pages={1440--1448},
  year={2015}
}

@inproceedings{FASTERRCNN,
  title={Faster R-CNN: Towards real-time object detection with region proposal networks},
  author={Ren, Shaoqing and He, Kaiming and Girshick, Ross and Sun, Jian},
  booktitle={Advances in neural information processing systems},
  pages={91--99},
  year={2015}
}

@inproceedings{YOLO,
  title={You only look once: Unified, real-time object detection},
  author={Redmon, Joseph and Divvala, Santosh and Girshick, Ross and Farhadi, Ali},
  booktitle={Proceedings of the IEEE Conference on Computer Vision and Pattern Recognition},
  pages={779--788},
  year={2016}
}

@article{YOLO9000,
  title={YOLO9000: better, faster, stronger},
  author={Redmon, Joseph and Farhadi, Ali},
  journal={arXiv preprint arXiv:1612.08242},
  year={2016}
}

@article{SEGNET,
  title={Segnet: A deep convolutional encoder-decoder architecture for image segmentation},
  author={Badrinarayanan, Vijay and Kendall, Alex and Cipolla, Roberto},
  journal={arXiv preprint arXiv:1511.00561},
  year={2015}
}

@article{MASKRCNN,
  title={Mask r-cnn},
  author={He, Kaiming and Gkioxari, Georgia and Doll{\'a}r, Piotr and Girshick, Ross},
  journal={arXiv preprint arXiv:1703.06870},
  year={2017}
}

@article{GCNET,
  title={End-to-End Learning of Geometry and Context for Deep Stereo Regression},
  author={Kendall, Alex and Martirosyan, Hayk and Dasgupta, Saumitro and Henry, Peter and Kennedy, Ryan and Bachrach, Abraham and Bry, Adam},
  journal={arXiv preprint arXiv:1703.04309},
  year={2017}
}

@article{MONO2DEPTH,
  title={Semi-Supervised Deep Learning for Monocular Depth Map Prediction},
  author={Kuznietsov, Yevhen and St{\"u}ckler, J{\"o}rg and Leibe, Bastian},
  journal={arXiv preprint arXiv:1702.02706},
  year={2017}
}

@article{CNNSLAM,
  title={CNN-SLAM: Real-time dense monocular SLAM with learned depth prediction},
  author={Tateno, Keisuke and Tombari, Federico and Laina, Iro and Navab, Nassir},
  journal={arXiv preprint arXiv:1704.03489},
  year={2017}
}

@inproceedings{DEEPVO,
  title={DeepVO: towards end-to-end visual odometry with deep recurrent convolutional neural networks},
  author={Wang, Sen and Clark, Ronald and Wen, Hongkai and Trigoni, Niki and Clark, R and Wang, S and Wen, H and Trigoni, N and Markham, A and Markham, A and others},
  booktitle={International Conference on Robotics and Automation},
  year={2017}
}

@inproceedings{FUSENET,
  title={Fusenet: Incorporating depth into semantic segmentation via fusion-based cnn architecture},
  author={Hazirbas, Caner and Ma, Lingni and Domokos, Csaba and Cremers, Daniel},
  booktitle={Asian Conference on Computer Vision},
  pages={213--228},
  year={2016},
  organization={Springer}
}

@article{POINTNET,
  title={Pointnet: Deep learning on point sets for 3d classification and segmentation},
  author={Qi, Charles R and Su, Hao and Mo, Kaichun and Guibas, Leonidas J},
  journal={arXiv preprint arXiv:1612.00593},
  year={2016}
}

@article{UNSUPERVISED,
  title={Unsupervised monocular depth estimation with left-right consistency},
  author={Godard, Cl{\'e}ment and Mac Aodha, Oisin and Brostow, Gabriel J},
  journal={arXiv preprint arXiv:1609.03677},
  year={2016}
}

@article{UBERNET,
  title={UberNet: Training a Universal Convolutional Neural Network for Low-, Mid-, and High-Level Vision using Diverse Datasets and Limited Memory},
  author={Kokkinos, Iasonas},
  journal={arXiv preprint arXiv:1609.02132},
  year={2016}
}
